@misc{repositorio,
    author = {Landolfi Cano, Silvia and López Gallo, Ismael and López García, Álvaro and Rodríguez de Frutos, Pablo},
    title = {{Trabajo Optimización Grupo 1 (23-24)}},
    url = {https://github.com/ismaellopezgallo/Trabajo-Optimizacion.git},
    howpublished = {Disponible en: \url{https://github.com/ismaellopezgallo/Trabajo-Optimizacion.git}}
}


@misc{ma2024improved,
      title={{Improved SQP and SLSQP Algorithms for Feasible Path-based Process Optimisation}}, 
      author={Yingjie Ma and Xi Gao and Chao Liu and Jie Li},
      year={2024},
      eprint={2402.10396},
      archivePrefix={arXiv},
      primaryClass={math.OC}
}

@article{DE_alg,
author = {Storn, Rainer and Price, Kenneth},
year = {1997},
month = {01},
pages = {341-359},
title = {{Differential Evolution - A Simple and Efficient Heuristic for Global Optimization over Continuous Spaces}},
volume = {11},
journal = {Journal of Global Optimization},
doi = {10.1023/A:1008202821328}
}

@ARTICLE{2020SciPy-NMeth,
  author  = {Virtanen, Pauli and Gommers, Ralf and Oliphant, Travis E. and
            Haberland, Matt and Reddy, Tyler and Cournapeau, David and
            Burovski, Evgeni and Peterson, Pearu and Weckesser, Warren and
            Bright, Jonathan and {van der Walt}, St{\'e}fan J. and
            Brett, Matthew and Wilson, Joshua and Millman, K. Jarrod and
            Mayorov, Nikolay and Nelson, Andrew R. J. and Jones, Eric and
            Kern, Robert and Larson, Eric and Carey, C J and
            Polat, {\.I}lhan and Feng, Yu and Moore, Eric W. and
            {VanderPlas}, Jake and Laxalde, Denis and Perktold, Josef and
            Cimrman, Robert and Henriksen, Ian and Quintero, E. A. and
            Harris, Charles R. and Archibald, Anne M. and
            Ribeiro, Ant{\^o}nio H. and Pedregosa, Fabian and
            {van Mulbregt}, Paul and {SciPy 1.0 Contributors}},
  title   = {{{SciPy} 1.0: Fundamental Algorithms for Scientific
            Computing in Python}},
  journal = {Nature Methods},
  year    = {2020},
  volume  = {17},
  pages   = {261--272},
  adsurl  = {https://rdcu.be/b08Wh},
  doi     = {10.1038/s41592-019-0686-2},
}


@article{L-BFGS-B,
author = {Byrd, Richard H. and Lu, Peihuang and Nocedal, Jorge and Zhu, Ciyou},
title = {A Limited Memory Algorithm for Bound Constrained Optimization},
journal = {SIAM Journal on Scientific Computing},
volume = {16},
number = {5},
pages = {1190-1208},
year = {1995},
doi = {10.1137/0916069},
URL = {https://doi.org/10.1137/0916069},
eprint = {https://doi.org/10.1137/0916069},
abstract = { An algorithm for solving large nonlinear optimization problems with simple bounds is described. It is based on the gradient projection method and uses a limited memory BFGS matrix to approximate the Hessian of the objective function. It is shown how to take advantage of the form of the limited memory approximation to implement the algorithm efficiently. The results of numerical tests on a set of large problems are reported. }
}

@article{deb2012genetic,
  title={A genetic algorithm based augmented Lagrangian method for constrained optimization},
  author={Deb, Kalyanmoy and Srivastava, Soumil},
  journal={Computational optimization and Applications},
  volume={53},
  pages={869--902},
  year={2012},
  publisher={Springer}
}

@Article{         numpy,
 title         = {Array programming with {NumPy}},
 author        = {Charles R. Harris and K. Jarrod Millman and St{\'{e}}fan J.
                 van der Walt and Ralf Gommers and Pauli Virtanen and David
                 Cournapeau and Eric Wieser and Julian Taylor and Sebastian
                 Berg and Nathaniel J. Smith and Robert Kern and Matti Picus
                 and Stephan Hoyer and Marten H. van Kerkwijk and Matthew
                 Brett and Allan Haldane and Jaime Fern{\'{a}}ndez del
                 R{\'{i}}o and Mark Wiebe and Pearu Peterson and Pierre
                 G{\'{e}}rard-Marchant and Kevin Sheppard and Tyler Reddy and
                 Warren Weckesser and Hameer Abbasi and Christoph Gohlke and
                 Travis E. Oliphant},
 year          = {2020},
 month         = sep,
 journal       = {Nature},
 volume        = {585},
 number        = {7825},
 pages         = {357--362},
 doi           = {10.1038/s41586-020-2649-2},
 publisher     = {Springer Science and Business Media {LLC}},
 url           = {https://doi.org/10.1038/s41586-020-2649-2}
}

@book{gelfand2000calculus,
  title={Calculus of variations},
  author={Gelfand, Izrail Moiseevitch and Silverman, Richard A and others},
  year={2000},
  publisher={Courier Corporation}
}